<record><leader>00000cas a22000007a 4500</leader><controlfield tag="001">64180839</controlfield><controlfield tag="008">060221d194719uuvauer ne      0    0eng d</controlfield><datafield ind1=" " ind2=" " tag="010"><subfield code="a">sn2006060583</subfield></datafield><datafield ind1=" " ind2=" " tag="040"><subfield code="a">NVK</subfield><subfield code="b">eng</subfield><subfield code="c">NVK</subfield><subfield code="d">NVK</subfield><subfield code="d">OCLCQ</subfield><subfield code="d">OCLCO</subfield><subfield code="d">NVK</subfield></datafield><datafield ind1=" " ind2=" " tag="042"><subfield code="a">msc</subfield></datafield><datafield ind1=" " ind2=" " tag="043"><subfield code="a">n-us-va</subfield></datafield><datafield ind1="0" ind2=" " tag="130"><subfield code="a">Middlesex review (Stormont, Va.)</subfield></datafield><datafield ind1="0" ind2="4" tag="245"><subfield code="a">The Middlesex review.</subfield></datafield><datafield ind1=" " ind2=" " tag="260"><subfield code="a">Stormont, Va. :</subfield><subfield code="b">G.B. Harris</subfield></datafield><datafield ind1=" " ind2=" " tag="310"><subfield code="a">Biweekly</subfield></datafield><datafield ind1="1" ind2=" " tag="362"><subfield code="a">Began in 1947?</subfield></datafield><datafield ind1=" " ind2=" " tag="500"><subfield code="a">"Horizon of thought-work, courage, intellect, vision, are implements to growth."</subfield></datafield><datafield ind1="0" ind2=" " tag="588"><subfield code="a">Description based on issue for: July 5, 1947.</subfield></datafield><datafield ind1="1" ind2=" " tag="588"><subfield code="a">Latest issue consulted: July 5, 1947.</subfield></datafield><datafield ind1=" " ind2="0" tag="651"><subfield code="a">Stormont (Va.)</subfield><subfield code="v">Newspapers.</subfield></datafield><datafield ind1=" " ind2="0" tag="651"><subfield code="a">Middlesex County (Va.)</subfield><subfield code="v">Newspapers.</subfield></datafield><datafield ind1=" " ind2=" " tag="752"><subfield code="a">United States</subfield><subfield code="b">Virginia</subfield><subfield code="c">Middlesex</subfield><subfield code="d">Stormont.</subfield></datafield><datafield ind1="4" ind2=" " tag="856"><subfield code="u">www.virginiachronicle.com</subfield></datafield><datafield ind1="1" ind2=" " tag="029"><subfield code="a">AU@</subfield><subfield code="b">000040234308</subfield></datafield></record>